@misc{calc,
	author = {Mahoney, Jim},  
  title = {Bison Calculator},
  howpublished = {\url{https://github.com/jimmahoney/bison_calculator}},
  note = {Accessed: 03.05.2019}
}

@book{bison,
 author = {Levine, John and John, Levine},
 title = {Flex \& Bison},
 year = {2009},
 isbn = {0596155972, 9780596155971},
 edition = {1st},
 publisher = {O'Reilly Media, Inc.},
} 